<?xml version="1.0" encoding="UTF-8"?><collection xmlns="http://www.loc.gov/MARC21/slim"><record><leader>00554nam--2200205-u-4500</leader><controlfield tag="001">000053050</controlfield><controlfield tag="002">20161230</controlfield><controlfield tag="005">20161230201050</controlfield><controlfield tag="008">110104s1000------------r-----000-0-rum-d</controlfield><datafield ind1=" " ind2=" " tag="020"><subfield code="a">97380434433</subfield></datafield><datafield ind1=" " ind2=" " tag="040"><subfield code="a">IFIN-HH</subfield></datafield><datafield ind1=" " ind2=" " tag="041"><subfield code="a">rum</subfield></datafield><datafield ind1=" " ind2=" " tag="080"><subfield code="a">544.25</subfield></datafield><datafield ind1="1" ind2=" " tag="100"><subfield code="a">Motoc, Cornelia</subfield></datafield><datafield ind1="1" ind2="0" tag="245"><subfield code="a">Cristale lichide</subfield><subfield code="b">Proprietati fizice si aplicatii</subfield><subfield code="c">Cornelia motoc; gabriela iacobescu</subfield></datafield><datafield ind1=" " ind2=" " tag="260"><subfield code="a">Craiova</subfield><subfield code="b">Editura Universitara</subfield><subfield code="c">2004</subfield></datafield><datafield ind1=" " ind2=" " tag="300"><subfield code="a">396P</subfield></datafield><datafield ind1="1" ind2=" " tag="700"><subfield code="a">Iacobescu, Gabriela</subfield></datafield><datafield ind1=" " ind2=" " tag="852"><subfield code="a">81573</subfield><subfield code="c">538.9</subfield></datafield><datafield ind1=" " ind2=" " tag="CAT"><subfield code="a">Sys</subfield><subfield code="c">20110104</subfield><subfield code="h">093817</subfield></datafield></record></collection>